<?xml version="1.0" encoding="UTF-8"?><collection xmlns="http://www.loc.gov/MARC21/slim"><record><leader>00622nam--2200169-i-4500</leader><controlfield tag="001">000039524</controlfield><controlfield tag="002">20161230</controlfield><controlfield tag="005">20161230201042</controlfield><controlfield tag="008">060222s1000------------r-----000-0-eng-d</controlfield><datafield ind1=" " ind2=" " tag="040"><subfield code="a">IFIN-HH</subfield></datafield><datafield ind1=" " ind2=" " tag="080"><subfield code="a">530.145:538.3</subfield></datafield><datafield ind1="1" ind2=" " tag="100"><subfield code="a">Rojansky,Vladimir</subfield></datafield><datafield ind1="1" ind2="0" tag="245"><subfield code="a">Electromagnetic fields and waves</subfield><subfield code="b">An introductory presentation of the physical principles, the mathematical apparatus, and some typical applications of the classical electromagnetic theory</subfield><subfield code="c">Vladimir rojansky</subfield></datafield><datafield ind1=" " ind2=" " tag="260"><subfield code="a">Englewood Cliffs, N.J</subfield><subfield code="b">Prentice-hall, Inc</subfield><subfield code="c">1971</subfield></datafield><datafield ind1=" " ind2=" " tag="300"><subfield code="a">XVI + 464 P</subfield></datafield><datafield ind1=" " ind2=" " tag="852"><subfield code="a">35385</subfield><subfield code="c">537:538</subfield></datafield><datafield ind1=" " ind2=" " tag="CAT"><subfield code="a">Sys</subfield><subfield code="c">20110617</subfield><subfield code="h">085326</subfield></datafield></record></collection>